<record><leader>00000cas a22000007a 4500</leader><controlfield tag="001">25190486</controlfield><controlfield tag="008">920130d191u19uunyuwr ne      0    0eng d</controlfield><datafield ind1=" " ind2=" " tag="010"><subfield code="a">sn 92061640 </subfield></datafield><datafield ind1=" " ind2=" " tag="040"><subfield code="a">NYS</subfield><subfield code="b">eng</subfield><subfield code="c">NYS</subfield><subfield code="d">OCLCQ</subfield></datafield><datafield ind1=" " ind2=" " tag="042"><subfield code="a">msc</subfield></datafield><datafield ind1="0" ind2="0" tag="245"><subfield code="a">Fleischmann herald.</subfield></datafield><datafield ind1=" " ind2=" " tag="260"><subfield code="a">Fleischmanns, Delaware County, N.Y. :</subfield><subfield code="b">Herald Pub. Co.</subfield></datafield><datafield ind1=" " ind2=" " tag="300"><subfield code="a">v. ;</subfield><subfield code="c">60 cm.</subfield></datafield><datafield ind1=" " ind2=" " tag="310"><subfield code="a">Weekly</subfield></datafield><datafield ind1=" " ind2=" " tag="588"><subfield code="a">Description based on: Vol. 27, no. 40 (June 29, 1916).</subfield></datafield><datafield ind1=" " ind2="4" tag="651"><subfield code="a">Fleischmanns (N.Y.)</subfield><subfield code="v">Newspapers.</subfield></datafield><datafield ind1=" " ind2=" " tag="752"><subfield code="a">United States</subfield><subfield code="b">New York</subfield><subfield code="c">Delaware</subfield><subfield code="d">Fleischmanns.</subfield></datafield><datafield ind1="0" ind2="0" tag="780"><subfield code="t">Griffin-Fleischmann herald-news</subfield></datafield><datafield ind1="1" ind2=" " tag="029"><subfield code="a">AU@</subfield><subfield code="b">000025906943</subfield></datafield></record>